<record xmlns="http://www.loc.gov/MARC21/slim" xmlns:xsi="http://www.w3.org/2001/XMLSchema-instance" xsi:schemaLocation="http://www.loc.gov/MARC21/slim http://www.loc.gov/standards/marcxml/schema/MARC21slim.xsd"><leader>00037nz   2200037n  4500</leader><controlfield tag="001">DNB|10240979X</controlfield><controlfield tag="003">DNB</controlfield><controlfield tag="005">19960808164622.0</controlfield><controlfield tag="008">930416|||az|nnaa|||||||||||| a|aaa|||| d</controlfield><datafield ind1="7" ind2=" " tag="016"><subfield code="a">10240979X</subfield><subfield code="2">GyFmDB</subfield></datafield><datafield ind1=" " ind2=" " tag="040"><subfield code="a">0000</subfield><subfield code="b">ger</subfield><subfield code="d">9999</subfield><subfield code="f">RAK-PND</subfield></datafield><datafield ind1="1" ind2=" " tag="045"><subfield code="b">dPerson der Antike</subfield></datafield><datafield ind1="0" ind2=" " tag="100"><subfield code="a">Zelotus,</subfield><subfield code="c">Epigrammaticus</subfield><subfield code="d">Person der Antike</subfield></datafield><datafield ind1=" " ind2=" " tag="678"><subfield code="a">AP 9.30</subfield></datafield></record>